    @website{regexMan,
      title =        "regex(3) — Linux manual page",
      howpublished = "online",
      url =          "https://man7.org/linux/man-pages/man3/regexec.3.html",
      cited =        "2022-10-02"
    }
    
    @MISC{Matousek,
      author =       "Petr Matoušek",
      title =        "Pokrocilé programování sítí TCP/IP",
      howpublished = "přednáška",
      year =         "2022",
      url =          "https://moodle.vut.cz/pluginfile.php/502879/mod_resource/content/2/isa-sockets.pdf",
      cited =        "2022-10-31"
    }
    
    @BOOK{Winkle,
      author =       "Lewis Van Winkle",
      title =        "Hands-On Network Programming with C : Learn Socket Programming in C and Write Secure and Optimized Network Code",
      publisher =    "Packt Publishing, Limited",
      edition =      "1",
      year =         "2019",
      isbn =         "9781789344080",
    }
    
    @website{ibmHttp,
      author =       "IBM",
      title =        "Status codes and reason phrases",
      howpublished = "online",
      url = "https://www.ibm.com/docs/en/cics-ts/5.2?topic=concepts-status-codes-reason-phrases#dfhtl_httpstatus",
      cited =        "2022-10-24"
    }
    
    @website{libxml,
      author =       "Daniel Veillard",
      title =        "libxml2 Reference Manual",
      howpublished = "online",
      url = "https://gnome.pages.gitlab.gnome.org/libxml2/devhelp/libxml2-parser.html#xmlParseDoc",
      cited =        "2022-10-27"
    }
    